@article{2021sGUARD,
  title={sGUARD: Towards Fixing Vulnerable Smart Contracts Automatically},
  author={ Nguyen, T. D.  and  Pham, L. H.  and  Sun, J. },
  year={2021},
}

@article{2020EVMPatch,
  title={EVMPatch: Timely and Automated Patching of Ethereum Smart Contracts},
  author={ Rodler, M.  and  Li, W.  and  Karame, G. O.  and  Davi, L. },
  year={2020},
}

@article{2013Symbolic,
  title   = {Symbolic execution for software testing},
  author  = { Cadar, C.  and  Sen, K. },
  journal = {Communications of the ACM},
  year    = {2013}
}

@article{Chen2020FindingES,
  title   = {Finding Ethereum Smart Contracts Security Issues by Comparing History Versions},
  author  = {Jiachi Chen},
  journal = {2020 35th IEEE/ACM International Conference on Automated Software Engineering (ASE)},
  year    = {2020},
  pages   = {1382-1384}
}

@online{eosio,
  title = {EOSIO Developer Portal},
  url   = {https://developers.eos.io/}
}

@inproceedings{272292,
  author    = {Ningyu He and Ruiyi Zhang and Haoyu Wang and Lei Wu and Xiapu Luo and Yao Guo and Ting Yu and Xuxian Jiang},
  title     = {{EOSAFE}: Security Analysis of {EOSIO} Smart Contracts},
  booktitle = {30th {USENIX} Security Symposium ({USENIX} Security 21)},
  year      = {2021},
  url       = {https://www.usenix.org/conference/usenixsecurity21/presentation/he-ningyu},
  publisher = {{USENIX} Association},
  month     = {aug}
}

@article{Huang2020EOSFuzzerFE,
  title   = {EOSFuzzer: Fuzzing EOSIO Smart Contracts for Vulnerability Detection},
  author  = {Yuhe Huang and Bo Jiang and W. K. Chan},
  journal = {ArXiv},
  year    = {2020},
  volume  = {abs/2007.14903}
}

@online{medium:2018,
  author = {Quoc Le},
  title  = {How hackers attack EOS contracts and ways to prevent it},
  year   = {2018},
  month  = {nov},
  url    = {https://medium.com/leclevietnam/hacking-in-eos-contracts-and-how-to-prevent-it-b8663c8bffa6/}
}

@article{Wang2020WANASE,
  title   = {WANA: Symbolic Execution of Wasm Bytecode for Cross-Platform Smart Contract Vulnerability Detection},
  author  = {D. Wang and Bo Jiang and W. K. Chan},
  journal = {ArXiv},
  year    = {2020},
  volume  = {abs/2007.15510}
}

@online{webassembly,
  title = {WebAssembly 1.0 has shipped in 4 major browser engines.},
  url   = {https://webassembly.org/}
}

@online{peckshield:2018,
  title = {"Fake EOS Attack" Upgraded, 60K EOS Tokens Lost by EOSCast},
  url   = {https://blog.peckshield.com/2018/11/02/eos/}
}

@online{slowmist:2019,
  title = {Roll Back Attack about blacklist in EOS},
  url   = {https://slowmist.medium.com/roll-back-attack-about-blacklist-in-eos-adf53edd8d69}
}

@online{DappRadar,
  title = {“DappRadar, a DApp browser,”},
  url   = {https://dappradar.com/},
  year  = {2020},
  month = {dct}
}

@online{DAppTotal,
  title = {DAppTotal,},
  url   = {https://dapptotal.com/},
  year  = {2019},
  month = {nov}
}

@online{octopus,
  title = {pventuzelo/octopus},
  url   = {https://github.com/pventuzelo/octopus}
}

@online{peckshield:2020,
  title = {“Blogs about blockchain security events,”},
  url   = {https://blog.peckshi eld.com/blog.html},
  year  = {2020}
}

@online{slowmist:2020,
  title = {“Blockchain security events,”},
  url   = {https://hacked.slowmist.io/en/}
}

@online{eos:transactions_protocol,
  title = {“Transactions Protocol,”},
  url   = {https://developers.eos.io/welcome/v2.0/protocol/transactions_protocol}
}