@misc{owasp.org.top10.1,
  howpublished = {\url{https://owasp.org/Top10/}},
  year         = {2021},
  title        = {Welcome to the OWASP Top 10 - 2021},
  author       = {OWASP}
}

@misc{owasp.org.top10,
  howpublished = {\url{https://owasp.org/Top10/A01_2021-Broken_Access_Control/}},
  year         = {2021},
  title        = {A01:2021 – Broken Access Control},
  author       = {OWASP}
}

@misc{seebug.org,
  howpublished = {\url{https://paper.seebug.org/1045/}},
  year         = {2019},
  month        = {Sep},
  title        = {物联网安全从入门到入坑},
  author       = {Seebug Paper}
}