@article{Chen2020FindingES,
  title   = {Finding Ethereum Smart Contracts Security Issues by Comparing History Versions},
  author  = {Jiachi Chen},
  journal = {2020 35th IEEE/ACM International Conference on Automated Software Engineering (ASE)},
  year    = {2020},
  pages   = {1382-1384}
}

@article{Huang2020EOSFuzzerFE,
  title   = {EOSFuzzer: Fuzzing EOSIO Smart Contracts for Vulnerability Detection},
  author  = {Yuhe Huang and Bo Jiang and W. K. Chan},
  journal = {ArXiv},
  year    = {2020},
  volume  = {abs/2007.14903}
}

@article{2021sGUARD,
  title={sGUARD: Towards Fixing Vulnerable Smart Contracts Automatically},
  author={ Nguyen, T. D.  and  Pham, L. H.  and  Sun, J. },
  year={2021},
}

@article{2020EVMPatch,
  title={EVMPatch: Timely and Automated Patching of Ethereum Smart Contracts},
  author={ Rodler, M.  and  Li, W.  and  Karame, G. O.  and  Davi, L. },
  year={2020},
}